% http://blog.sina.com.cn/s/blog_5e6e71620101txx3.html

@booklet{cpu-overview,
  title={CPU技术与产业白皮书},
  author={中国软件评测中心 and 集成电路测评工程技术中心}, 
  month={9},
  year={2021}
}

@article{riscv-overview,
  title={RISC-V 指令集架构研究综述},
  author={刘畅 and 武延军 and 吴敬征 and 赵琛},
  journal={软件学报},
  volume={32},
  number={12},
  pages={3992--4024},
  year={2021}
}

@article{bpu-overview,
  title={A survey of techniques for dynamic branch prediction},
  author={Sparsh Mittal},
  journal={Concurrency and Computation: Practice and Experience},
  volume={31},
  number={1},
  pages={e4666},
  year={2019}
}

@article{ysyx,
  title={包云岗  把芯片设计的门槛降下来},
  author={张盖伦},
  journal={科学大观园},
  year={2020}
}

@article{scalable-frontend,
  title={A Scalable Front-End Architecture for Fast Instruction Delivery},
  author={Glenn Reinman and Todd Austin and Brad Calder},
  journal={ACM SIGARCH Computer Architecture News.},
  volume={27},
  number={2},
  pages={234--245},
  year={1999}
}

@article{boom-spec,
  title={The Berkeley Out-of-Order Machine (BOOM) Design Speciﬁcation},
  author={Christopher Celio and David Patterson and Krste Asanovi´c},
  journal={University of California, Berkeley},
  year={2016}
}

@article{rocket,
  title={The Rocket Chip Generator},
  author={Krste Asanovi and Rimas Avizienis and Jonathan Bachrach and Scott Beamer},
  journal={EECS Department, University of California, Berkeley, Tech. Rep. UCB/EECS-2016-17},
  pages={4},
  year={2016}
}

@conference{chisel,
  title={Chisel: Constructing hardware in a Scala embedded language},
  author={Jonathan Bachrach and Huy Vo and Brian Richards and Yunsup Lee},
  booktitle={DAC Design automation conference 2012. IEEE.},
  pages={1212--1221},
  year={2012}
}

@conference{branch-98,
  title={A study of branch prediction strategies},
  author={JAMES E. SMITH},
  booktitle={25 years of the international symposia on Computer architecture (selected papers).},
  pages={202--215},
  year={1998}
}

@article{loongson,
  title={龙芯 GS464E 处理器核架构设计},
  author={吴瑞阳 and 汪文祥 and 王焕东 and 胡伟武},
  journal={中国科学 : 信息科学},
  volume={45},
  number={4},
  pages={480--500},
  year={2015}
}

@conference{sonic-boom,
  title={Sonicboom: The 3rd generation berkeley out-of-order machine},
  author={Jerry Zhao and Ben Korpan and Abraham Gonzalez and Krste Asanovic},
  booktitle={Fourth Workshop on Computer Architecture Research with RISC-V.},
  pages={5},
  year={2020}
}

@conference{xuantie,
  title={Xuantie-910: A commercial multi-core 12-stage pipeline out-of-order 64-bit high performance RISC-V processor with vector extension},
  author={Chen Chen and Xiaoyan Xiang and Chang Liu and Yunhai Shang and Ren Guo and Dongqi Liu},
  booktitle={2020 ACM/IEEE 47th Annual International Symposium on Computer Architecture (ISCA).},
  publisher={IEEE},
  pages={52--64},
  year={2020}
}

@conference{samsung-exynos,
  title={Evolution of the Samsung Exynos CPU Microarchitecture},
  author={Brian Grayson and Jeff Rupley and Gerald Zuraski Jr. and Eric Quinnell and Daniel A. Jim´enez and Tarun Nakra},
  booktitle={2020 ACM/IEEE 47th Annual International Symposium on Computer Architecture (ISCA).},
  publisher={IEEE},
  pages={40--51},
  year={2020}
}

@conference{perceptrons,
  title={Dynamic Branch Prediction with Perceptrons},
  author={Daniel A. Jimenez and Calvin Lin},
  booktitle={Proceedings HPCA Seventh International Symposium on High-Performance Computer Architecture.},
  publisher={IEEE},
  pages={197--206},
  year={2001}
}

@conference{neural-branch,
  title={Fast Path-Based Neural Branch Prediction},
  author={Daniel A. Jimenez},
  booktitle={Proceedings. 36th Annual IEEE/ACM International Symposium on Microarchitecture.},
  publisher={IEEE},
  pages={243--252},
  year={2003}
}

@conference{optimized-neural,
  title={An Optimized Scaled Neural Branch Predictor},
  author={Daniel A. Jimenez},
  booktitle={2011 IEEE 29th International Conference on Computer Design (ICCD).},
  publisher={IEEE},
  pages={113--118},
  year={2011}
}

@article{strided-perceptron,
  title={Strided sampling hashed perceptron predictor},
  author={Daniel A. Jimenez},
  journal={Proceedings of JWAC-4: Championship Branch Prediction},
  year={2014}
}

@article{merging-perceptron,
  title={Merging path and gshare indexing in perceptron branch prediction},
  author={David Tarjan and Kevin Skadron},
  journal={ACM transactions on architecture and code optimization (TACO)},
  volume={2},
  number={3},
  pages={280--300},
  year={2005}
}

@article{vpc,
  title={Virtual program counter (VPC) prediction: Very low cost indirect branch prediction using conditional branch prediction hardware},
  author={Hyesoon Kim and Jose A. Joao and Onur Mutlu and Chang Joo Lee},
  journal={IEEE Transactions on Computers},
  volume={58},
  number={9},
  pages={1153--1170},
  year={2008}
}

@conference{bi-mode,
  title={The bi-mode branch predictor},
  author={Chih-Chieh Lee and I-Cheng K. Chen and Trevor N. Mudge},
  booktitle={Proceedings of 30th Annual International Symposium on Microarchitecture.},
  publisher={IEEE},
  pages={4--13},
  year={1997}
}

@conference{tage-sc-l,
  title={TAGE-SC-L Branch Predictors},
  author={Andre´ Seznec},
  booktitle={JILP-Championship Branch Prediction.},
  year={2014}
}

@conference{isl-tage,
  title={A 64 Kbytes ISL-TAGE branch predictor},
  author={Andre´ Seznec},
  booktitle={JWAC-2: Championship Branch Prediction.},
  year={2011}
}

@conference{new-case-tage,
  title={A New Case for the TAGE Branch Predictor},
  author={Andre´ Seznec},
  booktitle={Proceedings of the 44th Annual IEEE/ACM International Symposium on Microarchitecture.},
  pages={117--127},
  year={2011}
}

@article{tage,
  title={A case for (partially) TAgged GEometric history length branch prediction},
  author={Andre´ Seznec and Michaud Pierre},
  journal={The Journal of Instruction-Level Parallelism},
  volume={8},
  pages={23},
  year={2006}
}

@conference{ittage,
  title={A 64-Kbytes ITTAGE indirect branch predictor},
  author={Andre´ Seznec},
  booktitle={JWAC-2: Championship Branch Prediction.},
  year={2011}
}

@conference{cobra,
  title={COBRA: A Framework for Evaluating Compositions of Hardware Branch Predictors},
  author={Jerry Zhao and Abraham Gonzalez and Alon Amid and Sagar Karandikar and Krste Asanovic´},
  booktitle={IEEE International Symposium on Performance Analysis of Systems and Software (ISPASS).},
  pages={310--320},
  year={2021}
}

@book{superscala,
  author={姚永斌},
  title={超标量处理器设计},
  publisher={清华大学出版社},
  year={2014}
}

@misc{xiangshan,
  author={OpenXiangShan},
  title={XiangShan},
  howpublished={Website},
  year={2022},
  note={\url{https://github.com/OpenXiangShan/XiangShan}}
}

@misc{NEMU,
  author={OpenXiangShan},
  title={NEMU},
  howpublished={Website},
  year={2022},
  note={\url{https://github.com/OpenXiangShan/NEMU}}
}

@misc{boom-frontend,
  author={Abraham Gonzalez},
  title={RISCV-BOOM},
  howpublished={Website},
  year={2019},
  note={\url{https://github.com/riscv-boom/riscv-boom/blob/master/docs/figures/front-end.svg}}
}

@conference{my-paper,
  title={A Design of Fetch Target Buffer Implemented on XiangShan Processor},
  author={Jiangrui Zou and Ye Cai and Dan Tang and Zusong Li},
  booktitle={2022 International Conference on Computer Architecture and Software Engineering.},
  year={2022}
}